@ARTICLE{ArtymowiczLubow1994,
       author = {{Artymowicz}, Pawel and {Lubow}, Stephen H.},
        title = "{Dynamics of Binary-Disk Interaction. I. Resonances and Disk Gap Sizes}",
      journal = {\apj},
     keywords = {Accretion Disks, Binary Stars, Orbital Resonances (Celestial Mechanics), Pre-Main Sequence Stars, Stellar Envelopes, Stellar Gravitation, Stellar Mass Accretion, Stellar Systems, Astronomical Spectroscopy, Stellar Models, Stellar Spectra, Astrophysics, ACCRETION, ACCRETION DISKS, STARS: BINARIES: CLOSE, STARS: PRE--MAIN-SEQUENCE},
         year = 1994,
        month = feb,
       volume = {421},
        pages = {651},
          doi = {10.1086/173679},
       adsurl = {https://ui.adsabs.harvard.edu/abs/1994ApJ...421..651A},
      adsnote = {Provided by the SAO/NASA Astrophysics Data System}
}

@ARTICLE{Pichardo2005,
       author = {{Pichardo}, Barbara and {Sparke}, Linda S. and {Aguilar}, Luis A.},
        title = "{Circumstellar and circumbinary discs in eccentric stellar binaries}",
      journal = {\mnras},
     keywords = {Galaxy: discs, binaries: general, circumstellar matter, Astrophysics},
         year = 2005,
        month = may,
       volume = {359},
       number = {2},
        pages = {521-530},
          doi = {10.1111/j.1365-2966.2005.08905.x},
archivePrefix = {arXiv},
       eprint = {astro-ph/0501244},
 primaryClass = {astro-ph},
       adsurl = {https://ui.adsabs.harvard.edu/abs/2005MNRAS.359..521P},
      adsnote = {Provided by the SAO/NASA Astrophysics Data System}
}

@ARTICLE{Dispense,
       author = {{Armitage}, Philip J.},
        title = "{Lecture notes on the formation and early evolution of planetary systems}",
      journal = {arXiv e-prints},
     keywords = {Astrophysics},
         year = 2007,
        month = jan,
          eid = {astro-ph/0701485},
        pages = {astro-ph/0701485},
          doi = {10.48550/arXiv.astro-ph/0701485},
archivePrefix = {arXiv},
       eprint = {astro-ph/0701485},
 primaryClass = {astro-ph},
       adsurl = {https://ui.adsabs.harvard.edu/abs/2007astro.ph..1485A},
      adsnote = {Provided by the SAO/NASA Astrophysics Data System}
}

@ARTICLE{OsservazioniRota,
       author = {{Rota}, A.~A. and {Manara}, C.~F. and {Miotello}, A. and {Lodato}, G. and {Facchini}, S. and {Koutoulaki}, M. and {Herczeg}, G. and {Long}, F. and {Tazzari}, M. and {Cabrit}, S. and {Harsono}, D. and {M{\'e}nard}, F. and {Pinilla}, P. and {van der Plas}, G. and {Ragusa}, E. and {Yen}, H. -W.},
        title = "{Observational constraints on gas disc sizes in the protoplanetary discs of multiple systems in the Taurus region}",
      journal = {\aap},
     keywords = {protoplanetary disks, binaries: visual, binaries: general, stars: formation, stars: variables: T Tauri, Herbig Ae/Be, Astrophysics - Earth and Planetary Astrophysics, Astrophysics - Astrophysics of Galaxies, Astrophysics - Solar and Stellar Astrophysics},
         year = 2022,
        month = jun,
       volume = {662},
          eid = {A121},
        pages = {A121},
          doi = {10.1051/0004-6361/202141035},
archivePrefix = {arXiv},
       eprint = {2201.03588},
 primaryClass = {astro-ph.EP},
       adsurl = {https://ui.adsabs.harvard.edu/abs/2022A&A...662A.121R},
      adsnote = {Provided by the SAO/NASA Astrophysics Data System}
}

@ARTICLE{Fargo3D,
author={Pablo Benítez-Llambay and Frédéric S. Masset},
title={FARGO3D: A New GPU-oriented MHD Code},
journal={The Astrophysical Journal Supplement Series},
volume={223},
number={1},
pages={11},
url={http://stacks.iop.org/0067-0049/223/i=1/a=11},
year={2016}
}

@ARTICLE{Lodato2008,
       author = {{Lodato}, Giuseppe},
        title = "{Classical disc physics}",
      journal = {\nar},
         year = 2008,
        month = jun,
       volume = {52},
       number = {2-5},
        pages = {21-41},
          doi = {10.1016/j.newar.2008.04.002},
       adsurl = {https://ui.adsabs.harvard.edu/abs/2008NewAR..52...21L},
      adsnote = {Provided by the SAO/NASA Astrophysics Data System}
}

@ARTICLE{Pringle1981,
       author = {{Pringle}, J.~E.},
        title = "{Accretion discs in astrophysics}",
      journal = {\araa},
     keywords = {Astrophysics, Disks (Shapes), Gravitational Effects, Mass Transfer, Radiative Transfer, Stellar Mass Accretion, Angular Momentum, Circular Orbits, Neutron Stars, Orbital Mechanics, Rotating Fluids, Stellar Radiation, Viscosity, Astrophysics},
         year = 1981,
        month = jan,
       volume = {19},
        pages = {137-162},
          doi = {10.1146/annurev.aa.19.090181.001033},
       adsurl = {https://ui.adsabs.harvard.edu/abs/1981ARA&A..19..137P},
      adsnote = {Provided by the SAO/NASA Astrophysics Data System}
}

@ARTICLE{BellPringle1974,
       author = {{Lynden-Bell}, D. and {Pringle}, J.~E.},
        title = "{The evolution of viscous discs and the origin of the nebular variables.}",
      journal = {\mnras},
         year = 1974,
        month = sep,
       volume = {168},
        pages = {603-637},
          doi = {10.1093/mnras/168.3.603},
       adsurl = {https://ui.adsabs.harvard.edu/abs/1974MNRAS.168..603L},
      adsnote = {Provided by the SAO/NASA Astrophysics Data System}
}

@ARTICLE{KenyonHartmann1987,
       author = {{Kenyon}, S.~J. and {Hartmann}, L.},
        title = "{Spectral Energy Distributions of T Tauri Stars: Disk Flaring and Limits on Accretion}",
      journal = {\apj},
     keywords = {Astronomical Photography, Energy Distribution, Stellar Mass Accretion, Stellar Spectra, T Tauri Stars, Absorption Spectra, Emission Spectra, Infrared Spectra, Stellar Flares, Stellar Models, Stellar Radiation, Astrophysics, SPECTROPHOTOMETRY, STARS: ACCRETION, STARS: FLARE, STARS: MASS LOSS, STARS: PRE--MAIN-SEQUENCE},
         year = 1987,
        month = dec,
       volume = {323},
        pages = {714},
          doi = {10.1086/165866},
       adsurl = {https://ui.adsabs.harvard.edu/abs/1987ApJ...323..714K},
      adsnote = {Provided by the SAO/NASA Astrophysics Data System}
}


@ARTICLE{StelleBinarie,
       author = {{Postnov}, Konstantin A. and {Yungelson}, Lev R.},
        title = "{The Evolution of Compact Binary Star Systems}",
      journal = {Living Reviews in Relativity},
     keywords = {AM CVn stars, Neutron stars, Astrophysics, Gravitational-wave sources, Black holes, Binary systems, White dwarfs, Supernovae, Astrophysics - High Energy Astrophysical Phenomena, Astrophysics - Solar and Stellar Astrophysics, General Relativity and Quantum Cosmology},
         year = 2014,
        month = may,
       volume = {17},
       number = {1},
          eid = {3},
        pages = {3},
          doi = {10.12942/lrr-2014-3},
archivePrefix = {arXiv},
       eprint = {1403.4754},
 primaryClass = {astro-ph.HE},
       adsurl = {https://ui.adsabs.harvard.edu/abs/2014LRR....17....3P},
      adsnote = {Provided by the SAO/NASA Astrophysics Data System}
}

@ARTICLE{Goodman1993,
       author = {{Goodman}, A.~A. and {Benson}, P.~J. and {Fuller}, G.~A. and {Myers}, P.~C.},
        title = "{Dense Cores in Dark Clouds. VIII. Velocity Gradients}",
      journal = {\apj},
     keywords = {Angular Velocity, Molecular Clouds, Star Formation, Stellar Motions, Velocity Distribution, Angular Momentum, Gradients, Astrophysics, ISM: CLOUDS, ISM: KINEMATICS AND DYNAMICS, ISM: MOLECULES, STARS: FORMATION},
         year = 1993,
        month = apr,
       volume = {406},
        pages = {528},
          doi = {10.1086/172465},
       adsurl = {https://ui.adsabs.harvard.edu/abs/1993ApJ...406..528G},
      adsnote = {Provided by the SAO/NASA Astrophysics Data System}
}

@misc{MagneticWinds,
      title={Demographics of young stars and their protoplanetary disks: lessons learned on disk evolution and its connection to planet formation}, 
      author={C. F. Manara and M. Ansdell and G. P. Rosotti and A. M. Hughes and P. J. Armitage and G. Lodato and J. P. Williams},
      year={2023},
      eprint={2203.09930},
      archivePrefix={arXiv},
      primaryClass={astro-ph.SR}
}

@ARTICLE{ShakuraAlfaPer,
       author = {{Shakura}, N.~I. and {Sunyaev}, R.~A.},
        title = "{Black holes in binary systems. Observational appearance.}",
      journal = {\aap},
         year = 1973,
        month = jan,
       volume = {24},
        pages = {337-355},
       adsurl = {https://ui.adsabs.harvard.edu/abs/1973A&A....24..337S},
      adsnote = {Provided by the SAO/NASA Astrophysics Data System}
}

@ARTICLE{PapaloizouPringle1977,
       author = {{Papaloizou}, J. and {Pringle}, J.~E.},
        title = "{Tidal torques on accretion discs in close binary systems.}",
      journal = {\mnras},
     keywords = {Binary Stars, Celestial Mechanics, Momentum Transfer, Stellar Mass Accretion, Tides, Astrophysics, Roche Limit, Stellar Motions, Astrophysics},
         year = 1977,
        month = nov,
       volume = {181},
        pages = {441-454},
          doi = {10.1093/mnras/181.3.441},
       adsurl = {https://ui.adsabs.harvard.edu/abs/1977MNRAS.181..441P},
      adsnote = {Provided by the SAO/NASA Astrophysics Data System}
}

@ARTICLE{Eggleton1983,
       author = {{Eggleton}, P.~P.},
        title = "{Aproximations to the radii of Roche lobes.}",
      journal = {\apj},
     keywords = {Binary Stars, Celestial Mechanics, Orbital Elements, Roche Limit, Mass Ratios, Radii, Astrophysics},
         year = 1983,
        month = may,
       volume = {268},
        pages = {368-369},
          doi = {10.1086/160960},
       adsurl = {https://ui.adsabs.harvard.edu/abs/1983ApJ...268..368E},
      adsnote = {Provided by the SAO/NASA Astrophysics Data System}
}

@ARTICLE{ManaraTronc2019,
       author = {{Manara}, C.~F. and {Tazzari}, M. and {Long}, F. and {Herczeg}, G.~J. and {Lodato}, G. and {Rota}, A.~A. and {Cazzoletti}, P. and {van der Plas}, G. and {Pinilla}, P. and {Dipierro}, G. and {Edwards}, S. and {Harsono}, D. and {Johnstone}, D. and {Liu}, Y. and {Menard}, F. and {Nisini}, B. and {Ragusa}, E. and {Boehler}, Y. and {Cabrit}, S.},
        title = "{Observational constraints on dust disk sizes in tidally truncated protoplanetary disks in multiple systems in the Taurus region}",
      journal = {\aap},
     keywords = {protoplanetary disks, binaries: visual, binaries: general, stars: formation, stars: variables: T Tauri, Herbig Ae/Be, Astrophysics - Earth and Planetary Astrophysics, Astrophysics - Solar and Stellar Astrophysics},
         year = 2019,
        month = aug,
       volume = {628},
          eid = {A95},
        pages = {A95},
          doi = {10.1051/0004-6361/201935964},
archivePrefix = {arXiv},
       eprint = {1907.03846},
 primaryClass = {astro-ph.EP},
       adsurl = {https://ui.adsabs.harvard.edu/abs/2019A&A...628A..95M},
      adsnote = {Provided by the SAO/NASA Astrophysics Data System}
}

@article{FreqMultipli,
       author = {{Offner}, S.~S.~R. and {Moe}, M. and {Kratter}, K.~M. and {Sadavoy}, S.~I. and {Jensen}, E.~L.~N. and {Tobin}, J.~J.},
        title = "{The Origin and Evolution of Multiple Star Systems}",
     keywords = {Astrophysics - Solar and Stellar Astrophysics, Astrophysics - Earth and Planetary Astrophysics, Astrophysics - Astrophysics of Galaxies},
    booktitle = {Protostars and Planets VII},
         year = 2023,
       editor = {{Inutsuka}, S. and {Aikawa}, Y. and {Muto}, T. and {Tomida}, K. and {Tamura}, M.},
       series = {Astronomical Society of the Pacific Conference Series},
       volume = {534},
        month = jul,
        pages = {275},
          doi = {10.48550/arXiv.2203.10066},
archivePrefix = {arXiv},
       eprint = {2203.10066},
 primaryClass = {astro-ph.SR},
       adsurl = {https://ui.adsabs.harvard.edu/abs/2023ASPC..534..275O},
      adsnote = {Provided by the SAO/NASA Astrophysics Data System}
}

@ARTICLE{GoldreichTremaine1980,
       author = {{Goldreich}, P. and {Tremaine}, S.},
        title = "{Disk-satellite interactions.}",
      journal = {\apj},
     keywords = {Jupiter (Planet), Momentum Transfer, Natural Satellites, Planetary Evolution, Protoplanets, Angular Momentum, Celestial Mechanics, Resonance, Solar System, Astronomy, Jupiter:Protoplanetary Nebula, Planetary Rings:Planetary Satellites},
         year = 1980,
        month = oct,
       volume = {241},
        pages = {425-441},
          doi = {10.1086/158356},
       adsurl = {https://ui.adsabs.harvard.edu/abs/1980ApJ...241..425G},
      adsnote = {Provided by the SAO/NASA Astrophysics Data System}
}

@ARTICLE{LinPapaloizou1979,
       author = {{Lin}, D.~N.~C. and {Papaloizou}, J.},
        title = "{Tidal torques on accretion discs in binary systems with extreme mass ratios.}",
      journal = {\mnras},
     keywords = {Angular Momentum, Binary Stars, Momentum Transfer, Stellar Mass Accretion, Stellar Rotation, Transport Properties, Disks (Shapes), Dwarf Stars, Energy Dissipation, Light Curve, Mass Ratios, Novae, Reynolds Number, Tides, Torque, Astrophysics, Accretion:Dwarf Novae, Accretion Disks:Close Binaries},
         year = 1979,
        month = mar,
       volume = {186},
        pages = {799-812},
          doi = {10.1093/mnras/186.4.799},
       adsurl = {https://ui.adsabs.harvard.edu/abs/1979MNRAS.186..799L},
      adsnote = {Provided by the SAO/NASA Astrophysics Data System}
}

@ARTICLE{OsservazioniALMA,
       author = {{Kurtovic}, Nicol{\'a}s T. and {P{\'e}rez}, Laura M. and {Benisty}, Myriam and {Zhu}, Zhaohuan and {Zhang}, Shangjia and {Huang}, Jane and {Andrews}, Sean M. and {Dullemond}, Cornelis P. and {Isella}, Andrea and {Bai}, Xue-Ning and {Carpenter}, John M. and {Guzm{\'a}n}, Viviana V. and {Ricci}, Luca and {Wilner}, David J.},
        title = "{The Disk Substructures at High Angular Resolution Project (DSHARP). IV. Characterizing Substructures and Interactions in Disks around Multiple Star Systems}",
      journal = {\apjl},
     keywords = {binaries: including multiple: close, dust, extinction, protoplanetary disks, techniques: high angular resolution, Astrophysics - Solar and Stellar Astrophysics, Astrophysics - Astrophysics of Galaxies},
         year = 2018,
        month = dec,
       volume = {869},
       number = {2},
          eid = {L44},
        pages = {L44},
          doi = {10.3847/2041-8213/aaf746},
archivePrefix = {arXiv},
       eprint = {1812.04536},
 primaryClass = {astro-ph.SR},
       adsurl = {https://ui.adsabs.harvard.edu/abs/2018ApJ...869L..44K},
      adsnote = {Provided by the SAO/NASA Astrophysics Data System}
}

@ARTICLE{DimDisc,
       author = {{Long}, Feng and {Herczeg}, Gregory J. and {Harsono}, Daniel and {Pinilla}, Paola and {Tazzari}, Marco and {Manara}, Carlo F. and {Pascucci}, Ilaria and {Cabrit}, Sylvie and {Nisini}, Brunella and {Johnstone}, Doug and {Edwards}, Suzan and {Salyk}, Colette and {Menard}, Francois and {Lodato}, Giuseppe and {Boehler}, Yann and {Mace}, Gregory N. and {Liu}, Yao and {Mulders}, Gijs D. and {Hendler}, Nathanial and {Ragusa}, Enrico and {Fischer}, William J. and {Banzatti}, Andrea and {Rigliaco}, Elisabetta and {van de Plas}, Gerrit and {Dipierro}, Giovanni and {Gully-Santiago}, Michael and {Lopez-Valdivia}, Ricardo},
        title = "{Compact Disks in a High-resolution ALMA Survey of Dust Structures in the Taurus Molecular Cloud}",
      journal = {\apj},
     keywords = {circumstellar matter, planets and satellites: formation, protoplanetary disks, stars: pre-main sequence, Astrophysics - Solar and Stellar Astrophysics, Astrophysics - Earth and Planetary Astrophysics, Astrophysics - Astrophysics of Galaxies},
         year = 2019,
        month = sep,
       volume = {882},
       number = {1},
          eid = {49},
        pages = {49},
          doi = {10.3847/1538-4357/ab2d2d},
archivePrefix = {arXiv},
       eprint = {1906.10809},
 primaryClass = {astro-ph.SR},
       adsurl = {https://ui.adsabs.harvard.edu/abs/2019ApJ...882...49L},
      adsnote = {Provided by the SAO/NASA Astrophysics Data System}
}

